<?xml version="1.0" encoding="UTF-8"?><collection xmlns="http://www.loc.gov/MARC21/slim"><record><leader>00409nam--2200157-i-4500</leader><controlfield tag="001">000002108</controlfield><controlfield tag="002">20161230</controlfield><controlfield tag="005">20170103233951</controlfield><controlfield tag="008">060222s1000------------r-----000-0-eng-d</controlfield><datafield ind1=" " ind2=" " tag="100"><subfield code="a">Glockler, C</subfield></datafield><datafield ind1=" " ind2=" " tag="245"><subfield code="a">Electrochemistry of gases and other dielectrics</subfield></datafield><datafield ind1=" " ind2=" " tag="260"><subfield code="a">London</subfield><subfield code="b">John Wiley And Sons</subfield><subfield code="c">1939</subfield></datafield><datafield ind1=" " ind2=" " tag="300"><subfield code="a">XIII + 469 p</subfield></datafield><datafield ind1=" " ind2=" " tag="700"><subfield code="a">Lind, Samuel C</subfield></datafield><datafield ind1=" " ind2=" " tag="852"><subfield code="a">631</subfield></datafield><datafield ind1=" " ind2=" " tag="CAT"><subfield code="a">SYS</subfield><subfield code="c">20170103</subfield><subfield code="h">233951</subfield></datafield></record></collection>